<?xml version="1.0" encoding="UTF-8"?><record xmlns="http://www.loc.gov/MARC21/slim" xmlns:cinclude="http://apache.org/cocoon/include/1.0" xmlns:zs="http://www.loc.gov/zing/srw/">
  <leader>00453nz  a2200157n  4500</leader>
  <controlfield tag="001">no2010110897</controlfield>
  <controlfield tag="003">DLC</controlfield>
  <controlfield tag="005">20100711075056.0</controlfield>
  <controlfield tag="008">100709n| acannaabn          |a aaa     c</controlfield>
  <datafield tag="010" ind1=" " ind2=" ">
    <subfield code="a">no2010110897</subfield>
  </datafield>
  <datafield tag="035" ind1=" " ind2=" ">
    <subfield code="a">(OCoLC)oca08553973</subfield>
  </datafield>
  <datafield tag="040" ind1=" " ind2=" ">
    <subfield code="a">PrRU</subfield>
    <subfield code="b">eng</subfield>
    <subfield code="c">PrRU</subfield>
  </datafield>
  <datafield tag="100" ind1="1" ind2=" ">
    <subfield code="a">Castro Mangas, Adela de</subfield>
  </datafield>
  <datafield tag="400" ind1="1" ind2=" ">
    <subfield code="a">Mangas, Adela de Castro</subfield>
  </datafield>
  <datafield tag="400" ind1="1" ind2=" ">
    <subfield code="a">De Castro Mangas, Adela</subfield>
  </datafield>
  <datafield tag="670" ind1=" " ind2=" ">
    <subfield code="a">Juegos para educacio휍혖n fi휍혖sica, c2008:</subfield>
    <subfield code="b">t.p. (Adela de Castro Mangas)</subfield>
  </datafield>
</record>